<record><leader>00000cas a22000007a 4500</leader><controlfield tag="001">10669928</controlfield><controlfield tag="008">840427d18321833nhucr ne      0    0eng d</controlfield><controlfield tag="009">3768</controlfield><datafield ind1=" " ind2=" " tag="010"><subfield code="a">sn 84022901 </subfield></datafield><datafield ind1=" " ind2=" " tag="040"><subfield code="a">NPX</subfield><subfield code="b">eng</subfield><subfield code="c">NPX</subfield><subfield code="d">OCL</subfield><subfield code="d">DLC</subfield><subfield code="d">KNP</subfield><subfield code="d">NVH</subfield><subfield code="d">NYS</subfield><subfield code="d">OCL</subfield><subfield code="d">DLC</subfield><subfield code="d">OCLCF</subfield></datafield><datafield ind1=" " ind2=" " tag="012"><subfield code="b">3</subfield></datafield><datafield ind1=" " ind2=" " tag="019"><subfield code="a">10669992</subfield></datafield><datafield ind1="1" ind2=" " tag="029"><subfield code="a">AU@</subfield><subfield code="b">000020129190</subfield></datafield><datafield ind1=" " ind2=" " tag="042"><subfield code="a">msc</subfield></datafield><datafield ind1=" " ind2=" " tag="043"><subfield code="a">n-us-nh</subfield></datafield><datafield ind1="0" ind2="0" tag="050"><subfield code="a">Newspaper</subfield></datafield><datafield ind1="0" ind2=" " tag="130"><subfield code="a">New Hampshire patriot and state gazette (Concord, N.H. : 1832)</subfield></datafield><datafield ind1="1" ind2="0" tag="245"><subfield code="a">New Hampshire patriot and state gazette.</subfield></datafield><datafield ind1=" " ind2=" " tag="260"><subfield code="a">Concord, N.H. :</subfield><subfield code="b">Hill &amp; Barton</subfield></datafield><datafield ind1=" " ind2=" " tag="300"><subfield code="a">v.</subfield></datafield><datafield ind1=" " ind2=" " tag="310"><subfield code="a">Semiweekly</subfield></datafield><datafield ind1="0" ind2=" " tag="362"><subfield code="a">Vol. 1, no. 1 (Nov. 20, 1832)-v. 1, no. 104 (Nov. 16, 1833).</subfield></datafield><datafield ind1=" " ind2=" " tag="580"><subfield code="a">Weekly ed.: New-Hampshire patriot &amp; state gazette.</subfield></datafield><datafield ind1=" " ind2="0" tag="651"><subfield code="a">Concord (N.H.)</subfield><subfield code="v">Newspapers.</subfield></datafield><datafield ind1=" " ind2="7" tag="655"><subfield code="a">Newspapers.</subfield><subfield code="2">fast</subfield><subfield code="0">(OCoLC)fst01423814</subfield></datafield><datafield ind1=" " ind2="7" tag="651"><subfield code="a">New Hampshire</subfield><subfield code="z">Concord.</subfield><subfield code="2">fast</subfield><subfield code="0">(OCoLC)fst01205752</subfield></datafield><datafield ind1=" " ind2=" " tag="752"><subfield code="a">United States</subfield><subfield code="b">New Hampshire</subfield><subfield code="c">Merrimack</subfield><subfield code="d">Concord.</subfield></datafield><datafield ind1="0" ind2=" " tag="775"><subfield code="t">New-Hampshire patriot &amp; state gazette</subfield><subfield code="w">(DLC)sn 83025541</subfield><subfield code="w">(OCoLC)9591153</subfield></datafield><datafield ind1="0" ind2="0" tag="785"><subfield code="t">Semi-weekly patriot (Concord, N.H.)</subfield><subfield code="w">(DLC)sn 91063001</subfield><subfield code="w">(OCoLC)23605500</subfield></datafield></record>